{
  "leader": "02015cam a2200469Mi 4500",
  "fields": [
    {
      "001": "ocn468008275"
    },
    {
      "003": "OCoLC"
    },
    {
      "005": "20210803153953.0"
    },
    {
      "008": "930415s1980\\\\\\\\mdu\\\\\\\\\\\\b\\\\\\\\001\\0\\eng\\d"
    },
    {
      "040": {
        "ind1": "\\",
        "ind2": "\\",
        "subfields": [
          {
            "a": "BDF"
          },
          {
            "b": "fre"
          },
          {
            "e": "ncafnor"
          },
          {
            "c": "BDF"
          },
          {
            "d": "MUQ"
          },
          {
            "d": "OCLCQ"
          },
          {
            "d": "LVB"
          },
          {
            "d": "OCLCO"
          },
          {
            "d": "OCLCF"
          },
          {
            "d": "OCLCQ"
          }
        ]
      }
    },
    {
      "016": {
        "ind1": "7",
        "ind2": "\\",
        "subfields": [
          {
            "a": "FRBNF373629030000006"
          },
          {
            "2": "FrPBN"
          }
        ]
      }
    },
    {
      "020": {
        "ind1": "\\",
        "ind2": "\\",
        "subfields": [
          {
            "a": "080182432X"
          }
        ]
      }
    },
    {
      "020": {
        "ind1": "\\",
        "ind2": "\\",
        "subfields": [
          {
            "a": "9780801824326"
          }
        ]
      }
    },
    {
      "035": {
        "ind1": "\\",
        "ind2": "\\",
        "subfields": [
          {
            "a": "(OCoLC)468008275"
          }
        ]
      }
    },
    {
      "043": {
        "ind1": "\\",
        "ind2": "\\",
        "subfields": [
          {
            "a": "a-ja---"
          }
        ]
      }
    },
    {
      "050": {
        "ind1": "\\",
        "ind2": "4",
        "subfields": [
          {
            "a": "R624"
          },
          {
            "b": ".B68"
          }
        ]
      }
    },
    {
      "060": {
        "ind1": "\\",
        "ind2": "4",
        "subfields": [
          {
            "a": "W1 HE896 no. 5"
          },
          {
            "a": "WZ70 JJ3 B7wa"
          }
        ]
      }
    },
    {
      "082": {
        "ind1": "0",
        "ind2": "4",
        "subfields": [
          {
            "a": "610.952"
          },
          {
            "b": "BOW"
          }
        ]
      }
    },
    {
      "100": {
        "ind1": "1",
        "ind2": "\\",
        "subfields": [
          {
            "a": "Bowers, John Z."
          },
          {
            "4": "aut"
          },
          {
            "0": "(FrPBN)12308708"
          }
        ]
      }
    },
    {
      "245": {
        "ind1": "1",
        "ind2": "0",
        "subfields": [
          {
            "a": "When the twain meet :"
          },
          {
            "b": "the rise of western medicine in Japan : John Z. Bowers"
          }
        ]
      }
    },
    {
      "260": {
        "ind1": "\\",
        "ind2": "\\",
        "subfields": [
          {
            "a": "Baltimore ;"
          },
          {
            "a": "London :"
          },
          {
            "b": "Johns Hopkins University Press,"
          },
          {
            "c": "1980."
          }
        ]
      }
    },
    {
      "300": {
        "ind1": "\\",
        "ind2": "\\",
        "subfields": [
          {
            "a": "xi, 173 pages ;"
          },
          {
            "c": "24 cm"
          }
        ]
      }
    },
    {
      "336": {
        "ind1": "\\",
        "ind2": "\\",
        "subfields": [
          {
            "a": "texte"
          },
          {
            "b": "txt"
          },
          {
            "2": "rdacontent/fre"
          }
        ]
      }
    },
    {
      "337": {
        "ind1": "\\",
        "ind2": "\\",
        "subfields": [
          {
            "a": "sans me\u0301diation"
          },
          {
            "b": "n"
          },
          {
            "2": "rdamedia/fre"
          }
        ]
      }
    },
    {
      "338": {
        "ind1": "\\",
        "ind2": "\\",
        "subfields": [
          {
            "a": "volume"
          },
          {
            "b": "nc"
          },
          {
            "2": "rdacarrier/fre"
          }
        ]
      }
    },
    {
      "490": {
        "ind1": "0",
        "ind2": "\\",
        "subfields": [
          {
            "a": "The Henry E. Sigerist supplements to the bulletin of the history of medicine ;"
          },
          {
            "v": "5"
          }
        ]
      }
    },
    {
      "500": {
        "ind1": "\\",
        "ind2": "\\",
        "subfields": [
          {
            "a": "Bibliogr. p. 161-168. Index."
          }
        ]
      }
    },
    {
      "545": {
        "ind1": "\\",
        "ind2": "\\",
        "subfields": [
          {
            "a": "Invludes bibliographical references (pages 161-168)and index."
          }
        ]
      }
    },
    {
      "650": {
        "ind1": "\\",
        "ind2": "0",
        "subfields": [
          {
            "a": "Medicine"
          },
          {
            "z": "Japan."
          }
        ]
      }
    },
    {
      "650": {
        "ind1": "\\",
        "ind2": "0",
        "subfields": [
          {
            "a": "Physicians, Foreign."
          }
        ]
      }
    },
    {
      "650": {
        "ind1": "\\",
        "ind2": "6",
        "subfields": [
          {
            "a": "Me\u0301decine"
          },
          {
            "z": "Japon"
          },
          {
            "x": "Histoire"
          },
          {
            "y": "19e sie\u0300cle."
          }
        ]
      }
    },
    {
      "650": {
        "ind1": "\\",
        "ind2": "6",
        "subfields": [
          {
            "a": "Me\u0301decins e\u0301trangers"
          },
          {
            "z": "Japon"
          },
          {
            "x": "Histoire"
          },
          {
            "y": "19e sie\u0300cle."
          }
        ]
      }
    },
    {
      "650": {
        "ind1": "\\",
        "ind2": "7",
        "subfields": [
          {
            "a": "Medicine."
          },
          {
            "2": "fast"
          },
          {
            "0": "(OCoLC)fst01014893"
          }
        ]
      }
    },
    {
      "650": {
        "ind1": "\\",
        "ind2": "7",
        "subfields": [
          {
            "a": "Physicians, Foreign."
          },
          {
            "2": "fast"
          },
          {
            "0": "(OCoLC)fst01063001"
          }
        ]
      }
    },
    {
      "651": {
        "ind1": "\\",
        "ind2": "7",
        "subfields": [
          {
            "a": "Japan."
          },
          {
            "2": "fast"
          },
          {
            "0": "(OCoLC)fst01204082"
          }
        ]
      }
    },
    {
      "650": {
        "ind1": "\\",
        "ind2": "7",
        "subfields": [
          {
            "a": "Me\u0301decine"
          },
          {
            "z": "Japon"
          },
          {
            "0": "(FrPBN)11975999"
          },
          {
            "y": "19e sie\u0300cle."
          },
          {
            "2": "ram"
          },
          {
            "0": "(FrPBN)11983292"
          },
          {
            "0": "(FrPBN)11934253"
          }
        ]
      }
    },
    {
      "760": {
        "ind1": "0",
        "ind2": "\\",
        "subfields": [
          {
            "t": "Henry E. Sigerist supplements to the Bulletin of the history of medicine"
          },
          {
            "g": "5"
          },
          {
            "x": "0194-1100"
          },
          {
            "w": "(FrPBN)37327049"
          }
        ]
      }
    },
    {
      "856": {
        "ind1": "4",
        "ind2": "2",
        "subfields": [
          {
            "3": "Notice et cote du catalogue de la Bibliothe\u0300que nationale de France"
          },
          {
            "u": "http://catalogue.bnf.fr/ark:/12148/cb373629033"
          }
        ]
      }
    },
    {
      "886": {
        "ind1": "1",
        "ind2": "\\",
        "subfields": [
          {
            "2": "intermrc"
          },
          {
            "a": "009"
          },
          {
            "b": "ax-d---------------"
          }
        ]
      }
    },
    {
      "886": {
        "ind1": "2",
        "ind2": "\\",
        "subfields": [
          {
            "2": "intermrc"
          },
          {
            "a": "917"
          },
          {
            "b": "--"
          },
          {
            "o": "GEA"
          },
          {
            "a": "000203381"
          }
        ]
      }
    },
    {
      "994": {
        "ind1": "\\",
        "ind2": "\\",
        "subfields": [
          {
            "a": "Z0"
          },
          {
            "b": "NYRVC"
          }
        ]
      }
    },
    {
      "948": {
        "ind1": "\\",
        "ind2": "\\",
        "subfields": [
          {
            "h": "NO HOLDINGS IN NYRVC - 6 OTHER HOLDINGS"
          }
        ]
      }
    }
  ]
}